<collection xmlns="http://www.loc.gov/MARC21/slim">
<record>
  <leader>02505nam0a2200409 i 450 </leader>
  <controlfield tag="001">IT\ICCU\CNCE\001674</controlfield>
  <controlfield tag="005">20020204000000.0</controlfield>
  <datafield tag="012" ind1=" " ind2=" ">
    <subfield code="a">amum o.ie p,ur sips (3) 1569 (A)</subfield>
    <subfield code="2">fei</subfield>
  </datafield>
  <datafield tag="100" ind1=" " ind2=" ">
    <subfield code="a">19970101d1569        0itac0103    ba</subfield>
  </datafield>
  <datafield tag="101" ind1=" " ind2=" ">
    <subfield code="a">LAT</subfield>
  </datafield>
  <datafield tag="102" ind1=" " ind2=" ">
    <subfield code="a">IT</subfield>
  </datafield>
  <datafield tag="200" ind1="1" ind2=" ">
    <subfield code="a">℗Petri Ioannis Ancharani, Regiensis iureconsulti ℗Familiarium iuris quaestionum. Pars prima. Cum eiusdem auctoris earundem parte secunda nunc primum excusa, ad utranque partem adiectis sententiarum summis, vna cum indice copiosissimo verborum rerumque memoratu dignarum, vtrique foro &amp; scholis pernecessariarum</subfield>
  </datafield>
  <datafield tag="210" ind1=" " ind2=" ">
    <subfield code="a">Venetiis</subfield>
    <subfield code="c">apud Aemilium Zanotum</subfield>
    <subfield code="d">1569</subfield>
  </datafield>
  <datafield tag="215" ind1=" " ind2=" ">
    <subfield code="a">8, 309, \67! c.</subfield>
    <subfield code="d">8ʻ</subfield>
  </datafield>
  <datafield tag="620" ind1=" " ind2=" ">
    <subfield code="a">IT</subfield>
    <subfield code="d">Venezia</subfield>
  </datafield>
  <datafield tag="700" ind1=" " ind2="1">
    <subfield code="a">Ancarano,</subfield>
    <subfield code="b">Pietro Giovanni</subfield>
    <subfield code="3">IT\ICCU\CNCA\000689</subfield>
  </datafield>
  <datafield tag="712" ind1="0" ind2="0">
    <subfield code="a">Giannotti, Emilio</subfield>
    <subfield code="3">IT\ICCU\CNCT\002349</subfield>
    <subfield code="4">650</subfield>
  </datafield>
  <datafield tag="712" ind1="0" ind2="2">
    <subfield code="a">Tipografo non identificato</subfield>
    <subfield code="3">IT\ICCU\CNCT\003341</subfield>
    <subfield code="4">650</subfield>
  </datafield>
  <datafield tag="791" ind1="0" ind2="0">
    <subfield code="a">Zanotus, Aemilius</subfield>
    <subfield code="3">IT\ICCU\CNCT\000589</subfield>
    <subfield code="z">Giannotti, Emilio</subfield>
  </datafield>
  <datafield tag="791" ind1="0" ind2="0">
    <subfield code="a">Gianotti, Emilio</subfield>
    <subfield code="3">IT\ICCU\CNCT\004870</subfield>
    <subfield code="z">Giannotti, Emilio</subfield>
  </datafield>
  <datafield tag="801" ind1=" " ind2="3">
    <subfield code="a">IT</subfield>
    <subfield code="b">ICCU</subfield>
    <subfield code="c">20201113</subfield>
  </datafield>
  <datafield tag="899" ind1=" " ind2=" ">
    <subfield code="a">Biblioteca provinciale Salvatore Tommasi. Bazzano</subfield>
    <subfield code="1">AQ0047</subfield>
    <subfield code="2">ABR PR</subfield>
  </datafield>
  <datafield tag="899" ind1=" " ind2=" ">
    <subfield code="a">Biblioteca di Scienze sociali. Firenze</subfield>
    <subfield code="1">FI0597</subfield>
    <subfield code="2">UFI KE</subfield>
  </datafield>
  <datafield tag="899" ind1=" " ind2=" ">
    <subfield code="a">Biblioteca comunale Valentiniana. Camerino</subfield>
    <subfield code="1">MC0004</subfield>
    <subfield code="2">UMC BV</subfield>
  </datafield>
  <datafield tag="899" ind1=" " ind2=" ">
    <subfield code="a">Biblioteca di Ateneo dell&apos;Universit ̉cattolica del Sacro Cuore. Milano</subfield>
    <subfield code="1">MI0291</subfield>
    <subfield code="2">ZMI 18</subfield>
  </datafield>
  <datafield tag="899" ind1=" " ind2=" ">
    <subfield code="a">Biblioteca comunale. Carpi</subfield>
    <subfield code="1">MO0012</subfield>
    <subfield code="2">MOD CR</subfield>
  </datafield>
  <datafield tag="899" ind1=" " ind2=" ">
    <subfield code="a">Biblioteca nazionale Vittorio Emanuele III. Napoli</subfield>
    <subfield code="1">NA0079</subfield>
    <subfield code="2">NAP BN</subfield>
  </datafield>
  <datafield tag="899" ind1=" " ind2=" ">
    <subfield code="a">Biblioteca comunale Sperelliana. Gubbio</subfield>
    <subfield code="1">PG0049</subfield>
    <subfield code="2">UM1 11</subfield>
  </datafield>
  <datafield tag="899" ind1=" " ind2=" ">
    <subfield code="a">Biblioteca comunale. Montefalco</subfield>
    <subfield code="1">PG0058</subfield>
    <subfield code="2">UM1 17</subfield>
  </datafield>
  <datafield tag="899" ind1=" " ind2=" ">
    <subfield code="a">Biblioteca Palatina. Parma</subfield>
    <subfield code="1">PR0072</subfield>
    <subfield code="2">PAR PA</subfield>
  </datafield>
  <datafield tag="899" ind1=" " ind2=" ">
    <subfield code="a">Biblioteca comunale Manfrediana. Faenza</subfield>
    <subfield code="1">RA0016</subfield>
    <subfield code="2">RAV FA</subfield>
  </datafield>
  <datafield tag="899" ind1=" " ind2=" ">
    <subfield code="a">Biblioteca comunale Carlo Venturini. Massa Lombarda</subfield>
    <subfield code="1">RA0026</subfield>
    <subfield code="2">RAV ML</subfield>
  </datafield>
  <datafield tag="899" ind1=" " ind2=" ">
    <subfield code="a">Biblioteca  Panizzi. Reggio Emilia</subfield>
    <subfield code="1">RE0052</subfield>
    <subfield code="2">RE2 PA</subfield>
  </datafield>
  <datafield tag="899" ind1=" " ind2=" ">
    <subfield code="a">Biblioteca di area Giuridico Politologica dell&apos;Universit ̉di Siena. Siena</subfield>
    <subfield code="1">SI0104</subfield>
    <subfield code="2">RT1 QU</subfield>
  </datafield>
  <datafield tag="899" ind1=" " ind2=" ">
    <subfield code="a">Biblioteca civica Bruno Emmert. Arco</subfield>
    <subfield code="1">TN0008</subfield>
    <subfield code="2">ZTN 11</subfield>
  </datafield>
  <datafield tag="911" ind1=" " ind2=" ">
    <subfield code="a">Sul front.</subfield>
    <subfield code="9">IT\ICCU\CNCM\000094</subfield>
  </datafield>
  <datafield tag="921" ind1=" " ind2=" ">
    <subfield code="a">IT\ICCU\CNCM\000094</subfield>
    <subfield code="b">Orologio a pesi. In cornice figurata.</subfield>
    <subfield code="e">1) Di et notte ne la mia fatica veghio. 2) Veggio di e notte nelle mie fatiche. 3) Dies noctesque in labore meo vigilo 4) Ogni cosa mortal tempo interrompe</subfield>
    <subfield code="c">Q64</subfield>
    <subfield code="c">V316</subfield>
    <subfield code="c">Z911</subfield>
    <subfield code="d">Dimensioni: 4,5 x 5,3. Con o senza motto</subfield>
    <subfield code="f">DIETNOTTEN</subfield>
    <subfield code="f">OROLOGIO</subfield>
    <subfield code="f">VEGGIODIEN</subfield>
    <subfield code="g">1544-1576</subfield>
  </datafield>
</record>
</collection>
